
@article{journal,
  author = {{Carlos Premebida, Oswaldo Ludwig, and Urbano Nunes}},
  title = {LIDAR and vision-based pedestrian detection system},
  journal = {Journal of Field Robotics},
  volume = 26,
  number = 9,
  pages = {696-711},
  year = 2009
}

@inproceedings{conf,
   author={Carlos Premebida and Urbano Nunes},
   year={2005},
   title={Segmentation and Geometric Primitives Extraction from 2D Laser Range
   Data for Mobile Robot Applications},
   booktitle={Proceedings of the 5th National Festival of Robotics Scientific
   Meeting},
   pages={17-25},
   publisher={ROBOTICA},
   address={Coimbra, Portugal}
}

@misc{sklearn,
  title = { Python SciKit-Learn},
  howpublished = {\url{http://scikit-learn.org/stable/index.html}}
}

@misc{opencv,
  title = { Open Source Computer Vision},
  howpublished = {\url{http://opencv.org}}
}

@misc{dataset,
  title = { Laser and Image Pedestrian Detection Dataset},
  howpublished = {\url{http://home.isr.uc.pt/~cpremebida/dataset}}
}
